% This file was created with JabRef 2.10.
% Encoding: Cp1252


@Article{alonso2014optimal,
  Title                    = {Optimal Charging Scheduling of Electric Vehicles in Smart Grids by Heuristic Algorithms},
  Author                   = {Alonso, Monica and Amaris, Hortensia and Germain, Jean Gardy and Galan, Juan Manuel},
  Journal                  = {Energies},
  Year                     = {2014},
  Number                   = {4},
  Pages                    = {2449--2475},
  Volume                   = {7},

  Doi                      = {10.3390/en7042449},
  ISSN                     = {1996-1073}
}

@InProceedings{andreotti2012review,
  Title                    = {A review of single-objective optimization models for plug-in vehicles operation in smart grids part ii: Numerical applications to vehicles fleets},
  Author                   = {Andreotti, A and Carpinelli, G and Mottola, F and Proto, D},
  Booktitle                = {Power and Energy Society General Meeting, 2012 IEEE},
  Year                     = {2012},
  Organization             = {IEEE},
  Pages                    = {1--8}
}

@InProceedings{ascher2015integrated,
  Title                    = {Integrated transportation and power system modeling},
  Author                   = {Ascher, Dominik and Hackenberg, Georg},
  Booktitle                = {Proceedings of the 4th International Conference on Connected Vehicles \& Expo (ICCVE '15)},
  Year                     = {2015},
  Organization             = {IEEE},

  Intype                   = {To appear in:}
}

@InProceedings{ascher2014early,
  Title                    = {Early Estimation of Multi-Objective Traffic Flow},
  Author                   = {Ascher, Dominik and Hackenberg, Georg},
  Booktitle                = {Proceedings of the 3rd International Conference on Connected Vehicles \& Expo (ICCVE '14)},
  Year                     = {2014},
  Organization             = {IEEE},
  Pages                    = {1056--1057}
}

@Article{barco2013optimal,
  Title                    = {Optimal routing and scheduling of charge for electric vehicles: Case study},
  Author                   = {Barco, John and Guerra, Andres and Mu{\~n}oz, Luis and Quijano, Nicanor},
  Journal                  = {arXiv preprint arXiv:1310.0145},
  Year                     = {2013}
}

@InProceedings{behrisch2011sumo,
  Title                    = {Sumo-simulation of urban mobility-an overview},
  Author                   = {Behrisch, Michael and Bieker, Laura and Erdmann, Jakob and Krajzewicz, Daniel},
  Booktitle                = {SIMUL 2011, The Third International Conference on Advances in System Simulation},
  Year                     = {2011},
  Pages                    = {55--60}
}

@Article{dallinger2012grid,
  Title                    = {Grid integration of intermittent renewable energy sources using price-responsive plug-in electric vehicles},
  Author                   = {Dallinger, David and Wietschel, Martin},
  Journal                  = {Renewable and Sustainable Energy Reviews},
  Year                     = {2012},
  Number                   = {5},
  Pages                    = {3370--3382},
  Volume                   = {16},

  Publisher                = {Elsevier}
}

@Article{deilami2011real,
  Title                    = {Real-time coordination of plug-in electric vehicle charging in smart grids to minimize power losses and improve voltage profile},
  Author                   = {Deilami, Sara and Masoum, Amir S and Moses, Paul S and Masoum, Mohammad AS},
  Journal                  = {Smart Grid, IEEE Transactions on},
  Year                     = {2011},
  Number                   = {3},
  Pages                    = {456--467},
  Volume                   = {2},

  Publisher                = {IEEE}
}

@Article{erdinc2014economic,
  Title                    = {Economic impacts of small-scale own generating and storage units, and electric vehicles under different demand response strategies for smart households},
  Author                   = {Erdinc, Ozan},
  Journal                  = {Applied Energy},
  Year                     = {2014},
  Pages                    = {142--150},
  Volume                   = {126},

  Publisher                = {Elsevier}
}

@Article{ericsson2006optimizing,
  Title                    = {Optimizing route choice for lowest fuel consumption--potential effects of a new driver support tool},
  Author                   = {Ericsson, Eva and Larsson, Hanna and Brundell-Freij, Karin},
  Journal                  = {Transportation Research Part C: Emerging Technologies},
  Year                     = {2006},
  Number                   = {6},
  Pages                    = {369--383},
  Volume                   = {14},

  Publisher                = {Elsevier}
}

@Article{faria2012sustainability,
  Title                    = {A sustainability assessment of electric vehicles as a personal mobility system},
  Author                   = {Faria, Ricardo and Moura, Pedro and Delgado, Joaquim and de Almeida, Anibal T},
  Journal                  = {Energy Conversion and Management},
  Year                     = {2012},
  Pages                    = {19--30},
  Volume                   = {61},

  Publisher                = {Elsevier}
}

@Article{felipe2014heuristic,
  Title                    = {A heuristic approach for the green vehicle routing problem with multiple technologies and partial recharges},
  Author                   = {Felipe, {\'A}ngel and Ortu{\~n}o, M Teresa and Righini, Giovanni and Tirado, Gregorio},
  Journal                  = {Transportation Research Part E: Logistics and Transportation Review},
  Year                     = {2014},
  Pages                    = {111--128},
  Volume                   = {71},

  Publisher                = {Elsevier}
}

@InProceedings{hackenberg2012towards,
  Title                    = {Towards Early Emergent Property Understanding},
  Author                   = {Hackenberg, Georg and Bytschkow, Denis},
  Booktitle                = {Proceedings of the 1st Extreme Modeling Workshop at MODELS 2012, ser. XM 2012},
  Year                     = {2012},
  Organization             = {ACM},

  Location                 = {New York, NY, USA}
}

@InProceedings{hackenberg2014rapid,
  Title                    = {A Rapid Prototyping Approach for Smart Energy Systems Based on Partial System Models},
  Author                   = {Hackenberg, Georg and Irlbeck, Maximilian and Koutsoumpas, Vasileios and Bytschkow, Denis},
  Booktitle                = {Computer Software and Applications Conference Workshops (COMPSACW), 2014 IEEE 38th International},
  Year                     = {2014},
  Organization             = {IEEE},
  Pages                    = {596--601}
}

@InProceedings{Hackenberg2012,
  Title                    = {Applying Formal Software Engineering Techniques to Smart Grids},
  Author                   = {Hackenberg, Georg and Irlbeck, Maximilian and Koutsoumpas, Vasileios and Bytschkow, Denis},
  Booktitle                = {Proceedings of the First International Workshop on Software Engineering Challenges for the Smart Grid},
  Year                     = {2012},

  Address                  = {Piscataway, NJ, USA},
  Pages                    = {50--56},
  Publisher                = {IEEE Press},
  Series                   = {SE4SG '12},

  Acmid                    = {2666770},
  ISBN                     = {978-1-4673-1864-8},
  Keywords                 = {formal methods, model-based development, simulation, smart energy systems, smart grid, system architecture, systems engineering},
  Location                 = {Zurich, Switzerland},
  Numpages                 = {7},
  Owner                    = {Georg},
  Timestamp                = {2016.04.11}
}

@Article{haines2009simulation,
  Title                    = {The Simulation of Vehicle-to-Home Systems--Using Electric Vehicle Battery Storage to Smooth Domestic Electricity Demand},
  Author                   = {Haines, Gareth and McGordon, Andrew and Jennings, Paul and Butcher, Neil},
  Year                     = {2009}
}

@Article{heussen2012unified,
  Title                    = {Unified system-level modeling of intermittent renewable energy sources and energy storage for power system operation},
  Author                   = {Heussen, Kai and Koch, Stephan and Ulbig, Andreas and Andersson, G{\"o}ran},
  Journal                  = {Systems Journal, IEEE},
  Year                     = {2012},
  Number                   = {1},
  Pages                    = {140--151},
  Volume                   = {6},

  Publisher                = {IEEE}
}

@InCollection{kurczveil2014implementation,
  Title                    = {Implementation of an Energy Model and a Charging Infrastructure in SUMO},
  Author                   = {Kurczveil, Tam{\'a}s and L{\'o}pez, Pablo {\'A}lvarez and Schnieder, Eckehard},
  Booktitle                = {Simulation of Urban Mobility},
  Publisher                = {Springer},
  Year                     = {2014},
  Pages                    = {33--43}
}

@Article{leou2014stochastic,
  Title                    = {Stochastic Analyses of Electric Vehicle Charging Impacts on Distribution Network},
  Author                   = {R. C. Leou and C. L. Su and C. N. Lu},
  Journal                  = {IEEE Transactions on Power Systems},
  Year                     = {2014},

  Month                    = {May},
  Number                   = {3},
  Pages                    = {1055-1063},
  Volume                   = {29},

  Doi                      = {10.1109/TPWRS.2013.2291556},
  ISSN                     = {0885-8950},
  Keywords                 = {battery powered vehicles;load flow;losses;power distribution planning;power system security;risk analysis;stochastic processes;wheels;Roulette wheel selection;battery state of charge;congestion impact indicator;controlled charging algorithm;distribution network reinforcement planning;distribution operation security risk information;electric vehicle start charging time;electric vehicles charging demand impact;electric vehicles integration;feeder daily load model;security impact;simulation technique;stochastic modeling;stochastic parameter;system losses;three phase distribution load flow;voltage impact indicators;Batteries;Data models;Electric vehicles;Load modeling;Monte Carlo methods;Stochastic processes;System-on-chip;Controlled charge;distribution feeder operation and planning;electric vehicle impact study;load model;stochastic simulations}
}

@InProceedings{lopes2009identifying,
  Title                    = {Identifying management procedures to deal with connection of electric vehicles in the grid},
  Author                   = {Lopes, J and Soares, Filipe Joel and Almeida, PM Rocha},
  Booktitle                = {Powertech, 2009 IEEE bucharest},
  Year                     = {2009},
  Organization             = {IEEE},
  Pages                    = {1--8}
}

@InProceedings{maia2011electric,
  Title                    = {Electric vehicle simulator for energy consumption studies in electric mobility systems},
  Author                   = {Maia, Ricardo and Silva, Marco and Ara{\'u}jo, Rui and Nunes, Urbano},
  Booktitle                = {Integrated and Sustainable Transportation System (FISTS), 2011 IEEE Forum on},
  Year                     = {2011},
  Organization             = {IEEE},
  Pages                    = {227--232}
}

@Article{mwasilu2014electric,
  Title                    = {Electric vehicles and smart grid interaction: A review on vehicle to grid and renewable energy sources integration},
  Author                   = {Mwasilu, Francis and Justo, Jackson John and Kim, Eun-Kyung and Do, Ton Duc and Jung, Jin-Woo},
  Journal                  = {Renewable and Sustainable Energy Reviews},
  Year                     = {2014},
  Pages                    = {501--516},
  Volume                   = {34},

  Publisher                = {Elsevier}
}

@Article{Ota2012,
  Title                    = {Autonomous distributed V2G (vehicle-to-grid) satisfying scheduled charging},
  Author                   = {Ota, Yutaka and Taniguchi, Haruhito and Nakajima, Tatsuhito and Liyanage, Kithsiri M and Baba, Jumpei and Yokoyama, Akihiko},
  Journal                  = {Smart Grid, IEEE Transactions on},
  Year                     = {2012},
  Number                   = {1},
  Pages                    = {559--564},
  Volume                   = {3},

  Publisher                = {IEEE}
}

@Article{ota2012autonomous,
  Title                    = {Autonomous distributed V2G (vehicle-to-grid) satisfying scheduled charging},
  Author                   = {Ota, Yutaka and Taniguchi, Haruhito and Nakajima, Tatsuhito and Liyanage, Kithsiri M and Baba, Jumpei and Yokoyama, Akihiko},
  Journal                  = {Smart Grid, IEEE Transactions on},
  Year                     = {2012},
  Number                   = {1},
  Pages                    = {559--564},
  Volume                   = {3},

  Publisher                = {IEEE}
}

@Article{peterson2010economics,
  Title                    = {The economics of using plug-in hybrid electric vehicle battery packs for grid storage},
  Author                   = {Peterson, Scott B and Whitacre, JF and Apt, Jay},
  Journal                  = {Journal of Power Sources},
  Year                     = {2010},
  Number                   = {8},
  Pages                    = {2377--2384},
  Volume                   = {195},

  Publisher                = {Elsevier}
}

@Article{richardson2013electric,
  Title                    = {Electric vehicles and the electric grid: A review of modeling approaches, Impacts, and renewable energy integration},
  Author                   = {Richardson, David B},
  Journal                  = {Renewable and Sustainable Energy Reviews},
  Year                     = {2013},
  Pages                    = {247--254},
  Volume                   = {19},

  Publisher                = {Elsevier}
}

@InProceedings{schlote2012balanced,
  Title                    = {Balanced Routing for EVs},
  Author                   = {Schlote, A and Crisostomi, E and Shorten, R},
  Booktitle                = {Connected Vehicles and Expo (ICCVE), 2012 International Conference on},
  Year                     = {2012},
  Organization             = {IEEE},
  Pages                    = {343--344}
}

@Article{soares2012electric,
  Title                    = {Electric vehicle scenario simulator tool for smart grid operators},
  Author                   = {Soares, Jo{\~a}o and Canizes, Bruno and Lobo, Cristina and Vale, Zita and Morais, Hugo},
  Journal                  = {Energies},
  Year                     = {2012},
  Number                   = {6},
  Pages                    = {1881--1899},
  Volume                   = {5},

  Publisher                = {Molecular Diversity Preservation International}
}

@InProceedings{soares2014realistic,
  Title                    = {Realistic traffic scenarios using a census methodology: Vila real case study},
  Author                   = {Soares, Joao and Lobo, Cristina and Vale, Zita and de Moura Oliveira, PB},
  Booktitle                = {PES General Meeting| Conference \& Exposition, 2014 IEEE},
  Year                     = {2014},
  Organization             = {IEEE},
  Pages                    = {1--5}
}

@InProceedings{sundstrom2010planning,
  Title                    = {Planning electric-drive vehicle charging under constrained grid conditions},
  Author                   = {Sundstrom, Olle and Binding, Carl},
  Booktitle                = {Power System Technology (POWERCON), 2010 International Conference on},
  Year                     = {2010},
  Organization             = {IEEE},
  Pages                    = {1--6}
}

@Article{tomic2007using,
  Title                    = {Using fleets of electric-drive vehicles for grid support},
  Author                   = {Tomi{\'c}, Jasna and Kempton, Willett},
  Journal                  = {Journal of Power Sources},
  Year                     = {2007},
  Number                   = {2},
  Pages                    = {459--468},
  Volume                   = {168},

  Publisher                = {Elsevier}
}

@Article{xiao2012development,
  Title                    = {Development of a fuel consumption optimization model for the capacitated vehicle routing problem},
  Author                   = {Xiao, Yiyong and Zhao, Qiuhong and Kaku, Ikou and Xu, Yuchun},
  Journal                  = {Computers \& Operations Research},
  Year                     = {2012},
  Number                   = {7},
  Pages                    = {1419--1431},
  Volume                   = {39},

  Publisher                = {Elsevier}
}

@Article{yang2015computational,
  Title                    = {Computational scheduling methods for integrating plug-in electric vehicles with power systems: A review},
  Author                   = {Yang, Zhile and Li, Kang and Foley, Aoife},
  Journal                  = {Renewable and Sustainable Energy Reviews},
  Year                     = {2015},
  Pages                    = {396--416},
  Volume                   = {51},

  Publisher                = {Elsevier}
}

@Article{yilmaz2013review,
  Title                    = {Review of the impact of vehicle-to-grid technologies on distribution systems and utility interfaces},
  Author                   = {Yilmaz, Murat and Krein, Philip T},
  Journal                  = {Power Electronics, IEEE Transactions on},
  Year                     = {2013},
  Number                   = {12},
  Pages                    = {5673--5689},
  Volume                   = {28},

  Publisher                = {IEEE}
}

@Article{zakariazadeh2014multi,
  Title                    = {Multi-objective scheduling of electric vehicles in smart distribution system},
  Author                   = {Zakariazadeh, Alireza and Jadid, Shahram and Siano, Pierluigi},
  Journal                  = {Energy Conversion and Management},
  Year                     = {2014},
  Pages                    = {43--53},
  Volume                   = {79},

  Publisher                = {Elsevier}
}

