@inproceedings{hackenberg2012towards,
	title={Towards Early Emergent Property Understanding},
	author={Hackenberg, Georg and Bytschkow, Denis},
	booktitle={Proceedings of the 1st Extreme Modeling Workshop at MODELS 2012, ser. XM 2012},
	year={2012},
	organization={ACM},
	location={New York, NY, USA}
}

@inproceedings{hackenberg2014rapid,
  title={A Rapid Prototyping Approach for Smart Energy Systems Based on Partial System Models},
  author={Hackenberg, Georg and Irlbeck, Maximilian and Koutsoumpas, Vasileios and Bytschkow, Denis},
  booktitle={Computer Software and Applications Conference Workshops (COMPSACW), 2014 IEEE 38th International},
  pages={596--601},
  year={2014},
  organization={IEEE}
}
@inproceedings{hackenberg2012applying,
	author = {Hackenberg, Georg and Irlbeck, Maximilian and Koutsoumpas, Vasileios and Bytschkow, Denis},
	title = {Applying Formal Software Engineering Techniques to Smart Grids},
	booktitle = {Proceedings of the First International Workshop on Software Engineering Challenges for the Smart Grid},
	series = {SE4SG '12},
	year = {2012},
	isbn = {978-1-4673-1864-8},
	location = {Zurich, Switzerland},
	pages = {50--56},
	numpages = {7},
	acmid = {2666770},
	publisher = {IEEE Press},
	address = {Piscataway, NJ, USA},
	keywords = {formal methods, model-based development, simulation, smart energy systems, smart grid, system architecture, systems engineering},
} 

@inproceedings{ascher2014early,
	title={Early Estimation of Multi-Objective Traffic Flow},
	author={Ascher, Dominik and Hackenberg, Georg},
	booktitle={Proceedings of the 3rd International Conference on Connected Vehicles \& Expo (ICCVE '14)},
	year={2014},
	organization={IEEE},
	intype = {To appear in:}
}