@INPROCEEDINGS{Hackenberg2012,
	author = {Hackenberg, Georg and Bytschkow, Denis},
	title = {Towards Early Emergent Property Understanding},
	booktitle = {Proceedings of the 1st Extreme Modeling Workshop at MODELS 2012},
	year = {2012},
	series = {XM 2012},
	address = {New York, NY, USA},
	publisher = {ACM},
	file = {Hackenberg2012a.pdf:Hackenberg2012a.pdf:PDF},
	groups = {public},
	intrahash = {801483ea9c3af8ebd668273eccdd58f9},
	keywords = {jabref:noKeywordAssigned},
	owner = {admin},
	timestamp = {2012.04.03},
	username = {georghackenberg}
}
@article{Hofmann2001,
  title={Requirements engineering as a success factor in software projects},
  author={Hofmann, Hubert F. and Lehner, Franz},
  journal={IEEE software},
  volume={18},
  number={4},
  pages={58--66},
  year={2001}
}