@inproceedings{hackenberg2014rapid,
  title={A Rapid Prototyping Approach for Smart Energy Systems Based on Partial System Models},
  author={Hackenberg, Georg and Irlbeck, Maximilian and Koutsoumpas, Vasileios and Bytschkow, Denis},
  booktitle={Computer Software and Applications Conference Workshops (COMPSACW), 2014 IEEE 38th International},
  pages={596--601},
  year={2014},
  organization={IEEE}
}