@inproceedings{hackenberg2012towards,
	title={Towards Early Emergent Property Understanding},
	author={Hackenberg, Georg and Bytschkow, Denis},
	booktitle={Proceedings of the 1st Extreme Modeling Workshop at MODELS 2012, ser. XM 2012},
	year={2012},
	organization={ACM},
	location={New York, NY, USA}
}

@inproceedings{hackenberg2014rapid,
  title={A Rapid Prototyping Approach for Smart Energy Systems Based on Partial System Models},
  author={Hackenberg, Georg and Irlbeck, Maximilian and Koutsoumpas, Vasileios and Bytschkow, Denis},
  booktitle={Computer Software and Applications Conference Workshops (COMPSACW), 2014 IEEE 38th International},
  pages={596--601},
  year={2014},
  organization={IEEE}
}
@inproceedings{hackenberg2012applying,
	author = {Hackenberg, Georg and Irlbeck, Maximilian and Koutsoumpas, Vasileios and Bytschkow, Denis},
	title = {Applying Formal Software Engineering Techniques to Smart Grids},
	booktitle = {Proceedings of the First International Workshop on Software Engineering Challenges for the Smart Grid},
	series = {SE4SG '12},
	year = {2012},
	isbn = {978-1-4673-1864-8},
	location = {Zurich, Switzerland},
	pages = {50--56},
	numpages = {7},
	acmid = {2666770},
	publisher = {IEEE Press},
	address = {Piscataway, NJ, USA},
	keywords = {formal methods, model-based development, simulation, smart energy systems, smart grid, system architecture, systems engineering},
} 

@inproceedings{ascher2014early,
	title={Early Estimation of Multi-Objective Traffic Flow},
	author={Ascher, Dominik and Hackenberg, Georg},
	booktitle={Proceedings of the 3rd International Conference on Connected Vehicles \& Expo (ICCVE '14)},
	year={2014},
	organization={IEEE},
	intype = {To appear in:}
}

@article{alonso2014optimal,
	AUTHOR = {Alonso, Monica and Amaris, Hortensia and Germain, Jean Gardy and Galan, Juan Manuel},
	TITLE = {Optimal Charging Scheduling of Electric Vehicles in Smart Grids by Heuristic Algorithms},
	JOURNAL = {Energies},
	VOLUME = {7},
	YEAR = {2014},
	NUMBER = {4},
	PAGES = {2449--2475},
	ISSN = {1996-1073},
	DOI = {10.3390/en7042449}
}

@article{soares2012electric,
	title={Electric vehicle scenario simulator tool for smart grid operators},
	author={Soares, Jo{\~a}o and Canizes, Bruno and Lobo, Cristina and Vale, Zita and Morais, Hugo},
	journal={Energies},
	volume={5},
	number={6},
	pages={1881--1899},
	year={2012},
	publisher={Molecular Diversity Preservation International}
}

@inproceedings{soares2014realistic,
	title={Realistic traffic scenarios using a census methodology: Vila real case study},
	author={Soares, Joao and Lobo, Cristina and Vale, Zita and de Moura Oliveira, PB},
	booktitle={PES General Meeting| Conference \& Exposition, 2014 IEEE},
	pages={1--5},
	year={2014},
	organization={IEEE}
}

@inproceedings{schlote2012balanced,
	title={Balanced Routing for EVs},
	author={Schlote, A and Crisostomi, E and Shorten, R},
	booktitle={Connected Vehicles and Expo (ICCVE), 2012 International Conference on},
	pages={343--344},
	year={2012},
	organization={IEEE}
}

@inproceedings{sundstrom2010planning,
	title={Planning electric-drive vehicle charging under constrained grid conditions},
	author={Sundstrom, Olle and Binding, Carl},
	booktitle={Power System Technology (POWERCON), 2010 International Conference on},
	pages={1--6},
	year={2010},
	organization={IEEE}
}

@article{peterson2010economics,
	title={The economics of using plug-in hybrid electric vehicle battery packs for grid storage},
	author={Peterson, Scott B and Whitacre, JF and Apt, Jay},
	journal={Journal of Power Sources},
	volume={195},
	number={8},
	pages={2377--2384},
	year={2010},
	publisher={Elsevier}
}

@article{erdinc2014economic,
	title={Economic impacts of small-scale own generating and storage units, and electric vehicles under different demand response strategies for smart households},
	author={Erdinc, Ozan},
	journal={Applied Energy},
	volume={126},
	pages={142--150},
	year={2014},
	publisher={Elsevier}
}

@article{haines2009simulation,
	title={The Simulation of Vehicle-to-Home Systems--Using Electric Vehicle Battery Storage to Smooth Domestic Electricity Demand},
	author={Haines, Gareth and McGordon, Andrew and Jennings, Paul and Butcher, Neil},
	year={2009}
}

@article{deilami2011real,
	title={Real-time coordination of plug-in electric vehicle charging in smart grids to minimize power losses and improve voltage profile},
	author={Deilami, Sara and Masoum, Amir S and Moses, Paul S and Masoum, Mohammad AS},
	journal={Smart Grid, IEEE Transactions on},
	volume={2},
	number={3},
	pages={456--467},
	year={2011},
	publisher={IEEE}
}

@article{zakariazadeh2014multi,
	title={Multi-objective scheduling of electric vehicles in smart distribution system},
	author={Zakariazadeh, Alireza and Jadid, Shahram and Siano, Pierluigi},
	journal={Energy Conversion and Management},
	volume={79},
	pages={43--53},
	year={2014},
	publisher={Elsevier}
}

@article{tomic2007using,
	title={Using fleets of electric-drive vehicles for grid support},
	author={Tomi{\'c}, Jasna and Kempton, Willett},
	journal={Journal of Power Sources},
	volume={168},
	number={2},
	pages={459--468},
	year={2007},
	publisher={Elsevier}
}

% V2G

@article{yilmaz2013review,
	title={Review of the impact of vehicle-to-grid technologies on distribution systems and utility interfaces},
	author={Yilmaz, Murat and Krein, Philip T},
	journal={Power Electronics, IEEE Transactions on},
	volume={28},
	number={12},
	pages={5673--5689},
	year={2013},
	publisher={IEEE}
}

% Simulation tools

@inproceedings{behrisch2011sumo,
	title={Sumo-simulation of urban mobility-an overview},
	author={Behrisch, Michael and Bieker, Laura and Erdmann, Jakob and Krajzewicz, Daniel},
	booktitle={SIMUL 2011, The Third International Conference on Advances in System Simulation},
	pages={55--60},
	year={2011}
}

@inproceedings{maia2011electric,
	title={Electric vehicle simulator for energy consumption studies in electric mobility systems},
	author={Maia, Ricardo and Silva, Marco and Ara{\'u}jo, Rui and Nunes, Urbano},
	booktitle={Integrated and Sustainable Transportation System (FISTS), 2011 IEEE Forum on},
	pages={227--232},
	year={2011},
	organization={IEEE}
}

@incollection{kurczveil2014implementation,
	title={Implementation of an Energy Model and a Charging Infrastructure in SUMO},
	author={Kurczveil, Tam{\'a}s and L{\'o}pez, Pablo {\'A}lvarez and Schnieder, Eckehard},
	booktitle={Simulation of Urban Mobility},
	pages={33--43},
	year={2014},
	publisher={Springer}
}
